2138 3812
481 598 791 652 LECTORI
845 597 1208 650 SALUTEM.

25 855 261 936 Primae
300 880 563 932 editionis
598 880 763 931 huius
796 877 1099 948 synopseos
1137 880 1484 931 methodicae
1531 880 1678 931 Mol-

21 991 338 1057 luscorum,
392 991 557 1042 modo
613 999 737 1042 ante
792 992 1076 1042 biennium
1121 992 1340 1057 publice
1381 991 1679 1055 exhibitae,

22 1103 427 1171 exemplaribus
491 1104 655 1153 citius
711 1119 873 1169 quam
942 1118 1295 1169 speraveram
1359 1103 1681 1166 consumtis,

22 1215 199 1265 altera
234 1215 344 1264 iam
379 1213 570 1280 prodit
606 1213 817 1279 editio,
865 1221 920 1264 et
967 1213 1109 1262 haec
1149 1211 1372 1278 quidem
1409 1229 1521 1262 non
1558 1219 1678 1262 tan-

23 1332 142 1375 tum
180 1324 398 1375 auctior
435 1325 685 1374 omnibus
724 1323 988 1384 numeris,
1027 1319 1125 1370 sed
1162 1321 1508 1370 emendatior
1545 1339 1680 1388 quo-

23 1452 128 1504 que
164 1435 353 1485 multis
389 1436 446 1483 in
495 1434 652 1484 locis.
727 1435 917 1485 Licuit
953 1433 1133 1496 enim,
1191 1448 1258 1482 ex
1304 1448 1370 1481 eo
1410 1439 1678 1498 tempore,

21 1546 174 1598 viros
212 1546 405 1597 doctos
443 1554 501 1596 et
535 1561 708 1597 novos
735 1553 991 1596 auctores
1022 1544 1332 1606 consulere,
1371 1543 1544 1593 libros
1585 1542 1678 1594 de—

22 1657 294 1709 sideratos
333 1665 478 1722 ante,
517 1657 608 1708 vel
646 1659 877 1708 omissos
906 1657 1200 1721 inspicere,
1239 1670 1425 1703 musea
1459 1653 1680 1720 publica

24 1778 81 1820 et
117 1770 477 1820 collectiones
516 1770 758 1834 privatas
797 1769 1071 1833 lustrare3
1110 1774 1399 1833 praeterea
1421 1767 1679 1831 proprius

28 1897 217 1930 rerum
274 1880 609 1929 naturalium
662 1880 954 1931 thesaurus
1011 1893 1343 1948 magnopere
1399 1877 1679 1942 accrevit3

27 1999 82 2041 et
127 1992 206 2040 ita
251 1990 472 2056 quidem
520 1993 736 2040 occasio
782 1992 921 2041 mihi
966 1991 1091 2041 data
1138 1991 1245 2039 fuit
1296 1991 1554 2056 copiosa,
1612 1991 1678 2041 ad

25 2102 289 2152 dilectum
328 2101 724 2152 molluscorum
757 2102 997 2153 studium
1037 2101 1310 2150 curiosius
1351 2108 1406 2151 et
1442 2101 1676 2171 diligen-

24 2215 134 2263 tius
173 2211 639 2278 pertractandum.
715 2213 777 2262 Id
813 2220 877 2263 ut
918 2213 1023 2261 rite
1062 2213 1302 2260 facerem
1339 2212 1546 2261 nullam
1585 2228 1677 2262 oc-

27 2325 305 2375 casionem
361 2323 615 2392 neglexi3
673 2340 780 2391 quo
833 2324 929 2388 fit,
984 2331 1046 2372 ut
1103 2339 1247 2371 nunc
1300 2338 1409 2371 non
1461 2324 1678 2374 inanem

30 2435 242 2485 musei
289 2434 396 2484 mei
447 2434 768 2500 indicem,
817 2434 913 2486 sed
952 2435 1192 2483 numeris
1233 2434 1372 2496 suis,
1418 2442 1679 2499 quantum

25 2546 150 2597 fieri
167 2547 365 2613 potuit,
385 2546 704 2597 absolutum·
731 2546 768 2598 S
788 2567 820 2614 y
844 2566 866 2596 s
887 2555 908 2597 t
926 2565 952 2596 e
975 2565 1025 2595 m
1045 2564 1074 2596 a
1113 2546 1458 2612 potissimum
1494 2544 1557 2594 M
1579 2560 1609 2594 o
1631 2546 1674 2593 l-

26 2657 144 2708 lus
165 2675 192 2707 c
214 2673 246 2706 o
267 2674 296 2706 r
315 2674 423 2706 um
460 2657 562 2708 hac
599 2661 826 2724 synopsi
860 2659 1161 2708 exhibeam.

201 2766 264 2817 Μ
285 2784 315 2816 o
337 2768 356 2816 l
377 2767 396 2816 l
416 2785 453 2816 u
473 2786 496 2816 s
517 2787 545 2818 c
567 2786 596 2817 a
617 2807 630 2832 ,
696 2770 763 2818 ad
829 2786 1075 2818 normam
1134 2767 1381 2818 methodi
1444 2767 1678 2818 illustris

30 2876 170 2927 L.B.
192 2878 256 2929 G.
299 2878 600 2943 Cuvier,
639 2882 835 2928 summi
872 2881 928 2928 in
968 2876 1352 2948 cognoscendo
1393 2886 1449 2928 et
1487 2878 1676 2944 dispo-

32 2987 210 3038 nendo
245 2988 423 3053 amplo
454 2991 811 3040 animantium
837 3007 1010 3060 regno
1040 2990 1284 3039 auctoris
1304 2989 1383 3054 ²⁴¹),
1421 2990 1678 3039 animalia

117 3193 275 3244 *)·Le
335 3198 553 3255 Regno
614 3196 847 3238 animal
907 3197 1220 3239 distribue
1282 3196 1527 3254 d’apres
1575 3208 1680 3237 son

1209 3284 1279 3314 *ιιι
