<?xml version="1.0" encoding="UTF-8"?>
<!DOCTYPE html PUBLIC "-//W3C//DTD XHTML 1.0 Transitional//EN"
    "http://www.w3.org/TR/xhtml1/DTD/xhtml1-transitional.dtd">
<html xmlns="http://www.w3.org/1999/xhtml" xml:lang="en" lang="en">
 <head>
  <title>
</title>
<meta http-equiv="Content-Type" content="text/html;charset=utf-8" />
  <meta name='ocr-system' content='tesseract 3.04.00' />
  <meta name='ocr-capabilities' content='ocr_page ocr_carea ocr_par ocr_line ocrx_word'/>
</head>
<body>
  <div class='ocr_page' id='page_1' title='image "./synopsismethodic00menk_0008.png"; bbox 0 0 2138 3812; ppageno 0'>
   <div class='ocr_carea' id='block_1_1' title="bbox 451 128 522 169">
    <p class='ocr_par' dir='ltr' id='par_1_1' title="bbox 451 128 522 169">
     <span class='ocr_line' id='line_1_1' title="bbox 451 128 522 169; baseline -0.028 0"><span class='ocrx_word' id='word_1_1' title='bbox 451 128 522 169; x_wconf 87' lang='lat' dir='ltr'><strong>lv</strong></span> 
     </span>
    </p>
   </div>
   <div class='ocr_carea' id='block_1_2' title="bbox 446 279 2105 1131">
    <p class='ocr_par' dir='ltr' id='par_1_2' title="bbox 446 279 2105 1131">
     <span class='ocr_line' id='line_1_2' title="bbox 448 279 2096 356; baseline 0.01 -27"><span class='ocrx_word' id='word_1_2' title='bbox 448 279 665 348; x_wconf 89' lang='lat' dir='ltr'><strong>appello</strong></span> <span class='ocrx_word' id='word_1_3' title='bbox 706 284 977 335; x_wconf 74' lang='lat' dir='ltr'><strong>vertebris</strong></span> <span class='ocrx_word' id='word_1_4' title='bbox 1022 294 1079 336; x_wconf 81' lang='lat' dir='ltr'><strong>et</strong></span> <span class='ocrx_word' id='word_1_5' title='bbox 1127 289 1377 342; x_wconf 78' lang='lat' dir='ltr'><strong>articulis</strong></span> <span class='ocrx_word' id='word_1_6' title='bbox 1418 292 1697 356; x_wconf 75' lang='lat' dir='ltr'><strong>destituta,</strong></span> <span class='ocrx_word' id='word_1_7' title='bbox 1735 292 2096 350; x_wconf 83' lang='lat' dir='ltr'>circulatione</span> 
     </span>
     <span class='ocr_line' id='line_1_3' title="bbox 446 391 2099 474; baseline 0.007 -32"><span class='ocrx_word' id='word_1_8' title='bbox 446 407 582 442; x_wconf 75' lang='lat' dir='ltr'><strong>vero</strong></span> <span class='ocrx_word' id='word_1_9' title='bbox 635 391 928 444; x_wconf 84' lang='lat' dir='ltr'><strong>humorum</strong></span> <span class='ocrx_word' id='word_1_10' title='bbox 992 395 1233 465; x_wconf 82' lang='lat' dir='ltr'><strong>duplici,</strong></span> <span class='ocrx_word' id='word_1_11' title='bbox 1310 402 1477 452; x_wconf 86' lang='lat' dir='ltr'><strong>corde</strong></span> <span class='ocrx_word' id='word_1_12' title='bbox 1539 411 1794 470; x_wconf 83' lang='lat' dir='ltr'><strong>peracta,</strong></span> <span class='ocrx_word' id='word_1_13' title='bbox 1873 405 2099 474; x_wconf 76' lang='lat' dir='ltr'><strong>organis</strong></span> 
     </span>
     <span class='ocr_line' id='line_1_4' title="bbox 446 501 2101 579; baseline 0.008 -28"><span class='ocrx_word' id='word_1_14' title='bbox 446 501 805 567; x_wconf 79' lang='lat' dir='ltr'><strong>respirationi</strong></span> <span class='ocrx_word' id='word_1_15' title='bbox 875 506 1307 562; x_wconf 83' lang='lat' dir='ltr'><strong>inservientibus</strong></span> <span class='ocrx_word' id='word_1_16' title='bbox 1375 513 1786 579; x_wconf 79' lang='lat' dir='ltr'><strong>peculiaribus,</strong></span> <span class='ocrx_word' id='word_1_17' title='bbox 1858 516 2101 566; x_wconf 84' lang='lat' dir='ltr'><strong>medulla</strong></span> 
     </span>
     <span class='ocr_line' id='line_1_5' title="bbox 446 615 2102 694; baseline 0.008 -33"><span class='ocrx_word' id='word_1_18' title='bbox 446 630 650 663; x_wconf 89' lang='lat' dir='ltr'><strong>nervea</strong></span> <span class='ocrx_word' id='word_1_19' title='bbox 688 615 925 680; x_wconf 81' lang='lat' dir='ltr'><strong>simplici</strong></span> <span class='ocrx_word' id='word_1_20' title='bbox 976 617 1121 683; x_wconf 85' lang='lat' dir='ltr'><strong>(non</strong></span> <span class='ocrx_word' id='word_1_21' title='bbox 1155 622 1421 687; x_wconf 86' lang='lat' dir='ltr'><strong>nodosa),</strong></span> <span class='ocrx_word' id='word_1_22' title='bbox 1482 638 1718 688; x_wconf 80' lang='lat' dir='ltr'><strong>corpore</strong></span> <span class='ocrx_word' id='word_1_23' title='bbox 1777 625 2102 694; x_wconf 84' lang='lat' dir='ltr'><strong>gelatinoso,</strong></span> 
     </span>
     <span class='ocr_line' id='line_1_6' title="bbox 447 723 2102 797; baseline 0.007 -26"><span class='ocrx_word' id='word_1_24' title='bbox 447 723 616 789; x_wconf 89' lang='lat' dir='ltr'><strong>pallio</strong></span> <span class='ocrx_word' id='word_1_25' title='bbox 663 725 1027 790; x_wconf 88' lang='lat' dir='ltr'><strong>utplurimum</strong></span> <span class='ocrx_word' id='word_1_26' title='bbox 1074 733 1255 782; x_wconf 87' lang='lat' dir='ltr'><strong>cincto</strong></span> <span class='ocrx_word' id='word_1_27' title='bbox 1270 770 1287 797; x_wconf 95' lang='lat'><strong>,</strong></span> <span class='ocrx_word' id='word_1_28' title='bbox 1354 740 1449 782; x_wconf 88' lang='lat' dir='ltr'><strong>aut</strong></span> <span class='ocrx_word' id='word_1_29' title='bbox 1494 732 1641 783; x_wconf 87' lang='lat' dir='ltr'><strong>nudo</strong></span> <span class='ocrx_word' id='word_1_30' title='bbox 1690 741 1784 782; x_wconf 85' lang='lat' dir='ltr'><strong>aut</strong></span> <span class='ocrx_word' id='word_1_31' title='bbox 1827 742 1969 784; x_wconf 87' lang='lat' dir='ltr'><strong>testa</strong></span> <span class='ocrx_word' id='word_1_32' title='bbox 2017 736 2102 783; x_wconf 88' lang='lat' dir='ltr'><strong>in-</strong></span> 
     </span>
     <span class='ocr_line' id='line_1_7' title="bbox 447 837 2105 910; baseline 0.008 -29"><span class='ocrx_word' id='word_1_33' title='bbox 447 840 689 897; x_wconf 84' lang='lat' dir='ltr'><strong>structo,</strong></span> <span class='ocrx_word' id='word_1_34' title='bbox 731 837 1000 900; x_wconf 87' lang='lat' dir='ltr'><strong>praedita.</strong></span> <span class='ocrx_word' id='word_1_35' title='bbox 1073 842 1149 891; x_wconf 89' lang='lat' dir='ltr'><strong>Ea</strong></span> <span class='ocrx_word' id='word_1_36' title='bbox 1177 858 1331 907; x_wconf 86' lang='lat' dir='ltr'><strong>vero,</strong></span> <span class='ocrx_word' id='word_1_37' title='bbox 1359 845 1416 892; x_wconf 90' lang='lat' dir='ltr'><strong>in</strong></span> <span class='ocrx_word' id='word_1_38' title='bbox 1453 851 1749 910; x_wconf 80' lang='lat' dir='ltr'><strong>systemate</strong></span> <span class='ocrx_word' id='word_1_39' title='bbox 1790 845 1855 893; x_wconf 88' lang='lat' dir='ltr'><strong>ab</strong></span> <span class='ocrx_word' id='word_1_40' title='bbox 1894 841 2105 904; x_wconf 82' lang='lat' dir='ltr'><strong>illustri</strong></span> 
     </span>
     <span class='ocr_line' id='line_1_8' title="bbox 446 940 2103 1020; baseline 0.008 -27"><span class='ocrx_word' id='word_1_41' title='bbox 446 940 571 993; x_wconf 84' lang='lat' dir='ltr'><strong>viro</strong></span> <span class='ocrx_word' id='word_1_42' title='bbox 625 945 919 1012; x_wconf 88' lang='lat' dir='ltr'><strong>inchoato,</strong></span> <span class='ocrx_word' id='word_1_43' title='bbox 977 949 1127 1000; x_wconf 82' lang='lat' dir='ltr'><strong>inter</strong></span> <span class='ocrx_word' id='word_1_44' title='bbox 1178 957 1416 1019; x_wconf 85' lang='lat' dir='ltr'><strong>quatuor</strong></span> <span class='ocrx_word' id='word_1_45' title='bbox 1461 953 1752 1019; x_wconf 82' lang='lat' dir='ltr'><strong>primarias</strong></span> <span class='ocrx_word' id='word_1_46' title='bbox 1809 954 2103 1020; x_wconf 81' lang='lat' dir='ltr'><strong>sectiones,</strong></span> 
     </span>
     <span class='ocr_line' id='line_1_9' title="bbox 448 1061 2104 1131; baseline 0.007 -28"><span class='ocrx_word' id='word_1_47' title='bbox 448 1070 550 1117; x_wconf 84' lang='lat' dir='ltr'><strong>per</strong></span> <span class='ocrx_word' id='word_1_48' title='bbox 585 1071 718 1121; x_wconf 77' lang='lat' dir='ltr'><strong>quas</strong></span> <span class='ocrx_word' id='word_1_49' title='bbox 753 1074 986 1126; x_wconf 81' lang='lat' dir='ltr'><strong>regnum</strong></span> <span class='ocrx_word' id='word_1_50' title='bbox 1022 1061 1279 1130; x_wconf 81' lang='lat' dir='ltr'><strong>animale,</strong></span> <span class='ocrx_word' id='word_1_51' title='bbox 1316 1064 1699 1115; x_wconf 86' lang='lat' dir='ltr'><strong>descendendo</strong></span> <span class='ocrx_word' id='word_1_52' title='bbox 1738 1082 1769 1114; x_wconf 85' lang='lat' dir='ltr'><strong>a</strong></span> <span class='ocrx_word' id='word_1_53' title='bbox 1802 1068 2104 1131; x_wconf 79' lang='lat' dir='ltr'><strong>perfectio-</strong></span> 
     </span>
    </p>
   </div>
   <div class='ocr_carea' id='block_1_3' title="bbox 450 1159 2107 1239">
    <p class='ocr_par' dir='ltr' id='par_1_3' title="bbox 450 1159 2107 1239">
     <span class='ocr_line' id='line_1_10' title="bbox 450 1159 2107 1239; baseline 0.01 -27"><span class='ocrx_word' id='word_1_54' title='bbox 450 1159 604 1213; x_wconf 85' lang='lat' dir='ltr'><strong>ribus</strong></span> <span class='ocrx_word' id='word_1_55' title='bbox 670 1165 739 1215; x_wconf 87' lang='lat' dir='ltr'><strong>ad</strong></span> <span class='ocrx_word' id='word_1_56' title='bbox 785 1167 998 1233; x_wconf 88' lang='lat' dir='ltr'><strong>infima,</strong></span> <span class='ocrx_word' id='word_1_57' title='bbox 1058 1171 1378 1239; x_wconf 71' lang='lat' dir='ltr'><strong>distribuit,</strong></span> <span class='ocrx_word' id='word_1_58' title='bbox 1451 1176 1747 1226; x_wconf 86' lang='lat' dir='ltr'><strong>secundam</strong></span> <span class='ocrx_word' id='word_1_59' title='bbox 1804 1176 2107 1228; x_wconf 80' lang='lat' dir='ltr'><strong>sectionem</strong></span> 
     </span>
    </p>
   </div>
   <div class='ocr_carea' id='block_1_4' title="bbox 450 1276 815 1326">
    <p class='ocr_par' dir='ltr' id='par_1_4' title="bbox 450 1276 815 1326">
     <span class='ocr_line' id='line_1_11' title="bbox 450 1276 815 1326; baseline 0.014 -5"><span class='ocrx_word' id='word_1_60' title='bbox 450 1276 815 1326; x_wconf 86' lang='lat' dir='ltr'><strong>constituunt.</strong></span> 
     </span>
    </p>
   </div>
   <div class='ocr_carea' id='block_1_5' title="bbox 450 1385 2112 2565">
    <p class='ocr_par' dir='ltr' id='par_1_5' title="bbox 450 1385 2112 2565">
     <span class='ocr_line' id='line_1_12' title="bbox 623 1385 2107 1453; baseline 0.009 -18"><span class='ocrx_word' id='word_1_61' title='bbox 623 1385 687 1435; x_wconf 90' lang='lat' dir='ltr'><strong>In</strong></span> <span class='ocrx_word' id='word_1_62' title='bbox 741 1390 1265 1453; x_wconf 81' lang='lat' dir='ltr'><strong>systematica</strong></span> <span class='ocrx_word' id='word_1_63' title='bbox 1320 1392 1903 1447; x_wconf 85' lang='lat' dir='ltr'><strong>Molluscorum</strong></span> <span class='ocrx_word' id='word_1_64' title='bbox 1955 1396 2107 1448; x_wconf 85' lang='lat' dir='ltr'><strong>dis-</strong></span> 
     </span>
     <span class='ocr_line' id='line_1_13' title="bbox 450 1492 2108 1572; baseline 0.01 -30"><span class='ocrx_word' id='word_1_65' title='bbox 450 1503 485 1559; x_wconf 88' lang='lat' dir='ltr'><strong>p</strong></span> <span class='ocrx_word' id='word_1_66' title='bbox 506 1509 538 1543; x_wconf 91' lang='lat' dir='ltr'><strong>o</strong></span> <span class='ocrx_word' id='word_1_67' title='bbox 559 1492 751 1545; x_wconf 77' lang='lat' dir='ltr'><strong>sitio</strong></span> <span class='ocrx_word' id='word_1_68' title='bbox 774 1515 807 1546; x_wconf 90' lang='lat' dir='ltr'><strong>n</strong></span> <span class='ocrx_word' id='word_1_69' title='bbox 829 1515 858 1547; x_wconf 89' lang='lat' dir='ltr'><strong>e</strong></span> <span class='ocrx_word' id='word_1_70' title='bbox 896 1499 1172 1550; x_wconf 85' lang='lat' dir='ltr'><strong>illustrem</strong></span> <span class='ocrx_word' id='word_1_71' title='bbox 1201 1502 1262 1553; x_wconf 90' lang='lat' dir='ltr'><strong>L.</strong></span> <span class='ocrx_word' id='word_1_72' title='bbox 1284 1499 1345 1553; x_wconf 89' lang='lat' dir='ltr'><strong>B.</strong></span> <span class='ocrx_word' id='word_1_73' title='bbox 1385 1503 1458 1554; x_wconf 88' lang='lat' dir='ltr'><strong>de</strong></span> <span class='ocrx_word' id='word_1_74' title='bbox 1498 1504 1842 1572; x_wconf 67' lang='lat' dir='ltr'><strong>Ferussac,</strong></span> <span class='ocrx_word' id='word_1_75' title='bbox 1883 1507 2108 1558; x_wconf 85' lang='lat' dir='ltr'><strong>hodier-</strong></span> 
     </span>
     <span class='ocr_line' id='line_1_14' title="bbox 452 1606 2108 1694; baseline 0.01 -42"><span class='ocrx_word' id='word_1_76' title='bbox 452 1619 651 1655; x_wconf 88' lang='lat' dir='ltr'><strong>norum</strong></span> <span class='ocrx_word' id='word_1_77' title='bbox 697 1606 861 1659; x_wconf 82' lang='lat' dir='ltr'><strong>huius</strong></span> <span class='ocrx_word' id='word_1_78' title='bbox 913 1610 1085 1659; x_wconf 88' lang='lat' dir='ltr'><strong>studii</strong></span> <span class='ocrx_word' id='word_1_79' title='bbox 1136 1621 1511 1664; x_wconf 84' lang='lat' dir='ltr'><strong>scrutatorum</strong></span> <span class='ocrx_word' id='word_1_80' title='bbox 1564 1617 1734 1694; x_wconf 74' lang='lat' dir='ltr'><strong>facile</strong></span> <span class='ocrx_word' id='word_1_81' title='bbox 1781 1619 2108 1683; x_wconf 83' lang='lat' dir='ltr'><strong>principem,</strong></span> 
     </span>
     <span class='ocr_line' id='line_1_15' title="bbox 453 1712 2109 1793; baseline 0.01 -30"><span class='ocrx_word' id='word_1_82' title='bbox 453 1712 647 1765; x_wconf 88' lang='lat' dir='ltr'><strong>ducem</strong></span> <span class='ocrx_word' id='word_1_83' title='bbox 685 1716 869 1768; x_wconf 70' lang='lat' dir='ltr'><strong>habui.</strong></span> <span class='ocrx_word' id='word_1_84' title='bbox 960 1720 1233 1772; x_wconf 87' lang='lat' dir='ltr'><strong>Methodo</strong></span> <span class='ocrx_word' id='word_1_85' title='bbox 1274 1723 1675 1791; x_wconf 78' lang='lat' dir='ltr'><strong>descendente,</strong></span> <span class='ocrx_word' id='word_1_86' title='bbox 1730 1729 1823 1793; x_wconf 78' lang='lat' dir='ltr'><strong>qui</strong></span> <span class='ocrx_word' id='word_1_87' title='bbox 1863 1729 2109 1779; x_wconf 76' lang='lat' dir='ltr'><strong>celeber·-</strong></span> 
     </span>
     <span class='ocr_line' id='line_1_16' title="bbox 455 1820 2109 1905; baseline 0.01 -32"><span class='ocrx_word' id='word_1_88' title='bbox 455 1820 596 1875; x_wconf 63' lang='lat' dir='ltr'><strong>r&#39;imo</strong></span> <span class='ocrx_word' id='word_1_89' title='bbox 637 1824 814 1880; x_wconf 75' lang='lat' dir='ltr'><strong>Linne</strong></span> <span class='ocrx_word' id='word_1_90' title='bbox 861 1848 1077 1898; x_wconf 82' lang='lat' dir='ltr'><strong>quoque</strong></span> <span class='ocrx_word' id='word_1_91' title='bbox 1123 1849 1241 1884; x_wconf 88' lang='lat' dir='ltr'><strong>mos</strong></span> <span class='ocrx_word' id='word_1_92' title='bbox 1290 1836 1423 1900; x_wconf 85' lang='lat' dir='ltr'><strong>fuit,</strong></span> <span class='ocrx_word' id='word_1_93' title='bbox 1473 1852 1603 1886; x_wconf 88' lang='lat' dir='ltr'><strong>usus</strong></span> <span class='ocrx_word' id='word_1_94' title='bbox 1648 1845 1747 1887; x_wconf 87' lang='lat' dir='ltr'><strong>est.</strong></span> <span class='ocrx_word' id='word_1_95' title='bbox 1822 1838 1886 1887; x_wconf 87' lang='lat' dir='ltr'><strong>In</strong></span> <span class='ocrx_word' id='word_1_96' title='bbox 1924 1838 2109 1905; x_wconf 86' lang='lat' dir='ltr'><strong>dispo-</strong></span> 
     </span>
     <span class='ocr_line' id='line_1_17' title="bbox 454 1931 2108 2014; baseline 0.01 -31"><span class='ocrx_word' id='word_1_97' title='bbox 454 1931 648 1986; x_wconf 87' lang='lat' dir='ltr'><strong>nendis</strong></span> <span class='ocrx_word' id='word_1_98' title='bbox 687 1941 1045 2006; x_wconf 85' lang='lat' dir='ltr'><strong>sectionibus,</strong></span> <span class='ocrx_word' id='word_1_99' title='bbox 1084 1960 1223 2010; x_wconf 83' lang='lat' dir='ltr'><strong>quae</strong></span> <span class='ocrx_word' id='word_1_100' title='bbox 1261 1944 1399 1996; x_wconf 86' lang='lat' dir='ltr'><strong>duae</strong></span> <span class='ocrx_word' id='word_1_101' title='bbox 1437 1955 1583 2011; x_wconf 82' lang='lat' dir='ltr'><strong>sunt,</strong></span> <span class='ocrx_word' id='word_1_102' title='bbox 1623 1948 1916 2014; x_wconf 86' lang='lat' dir='ltr'><strong>classibus,</strong></span> <span class='ocrx_word' id='word_1_103' title='bbox 1957 1947 2108 1999; x_wconf 82' lang='lat' dir='ltr'><strong>ordi-</strong></span> 
     </span>
     <span class='ocr_line' id='line_1_18' title="bbox 455 2034 2110 2126; baseline 0.01 -33"><span class='ocrx_word' id='word_1_104' title='bbox 455 2047 649 2114; x_wconf 81' lang='lat' dir='ltr'><strong>nibus,</strong></span> <span class='ocrx_word' id='word_1_105' title='bbox 690 2048 1114 2120; x_wconf 89' lang='lat' dir='ltr'><strong>subordinibus,</strong></span> <span class='ocrx_word' id='word_1_106' title='bbox 1153 2034 1410 2120; x_wconf 85' lang='lat' dir='ltr'><strong>familiis,</strong></span> <span class='ocrx_word' id='word_1_107' title='bbox 1451 2059 1780 2126; x_wconf 84' lang='lat' dir='ltr'><strong>generibus,</strong></span> <span class='ocrx_word' id='word_1_108' title='bbox 1818 2061 2110 2111; x_wconf 81' lang='lat' dir='ltr'><strong>maximam</strong></span> 
     </span>
     <span class='ocr_line' id='line_1_19' title="bbox 455 2155 2106 2235; baseline 0.01 -31"><span class='ocrx_word' id='word_1_109' title='bbox 455 2155 621 2226; x_wconf 82' lang='lat' dir='ltr'><strong>longe</strong></span> <span class='ocrx_word' id='word_1_110' title='bbox 688 2170 901 2225; x_wconf 86' lang='lat' dir='ltr'><strong>partem</strong></span> <span class='ocrx_word' id='word_1_111' title='bbox 969 2165 1247 2216; x_wconf 85' lang='lat' dir='ltr'><strong>illustrem</strong></span> <span class='ocrx_word' id='word_1_112' title='bbox 1312 2168 1576 2218; x_wconf 73' lang='lat' dir='ltr'><strong>Ferussac</strong></span> <span class='ocrx_word' id='word_1_113' title='bbox 1639 2177 1901 2235; x_wconf 85' lang='lat' dir='ltr'><strong>sequutus</strong></span> <span class='ocrx_word' id='word_1_114' title='bbox 1969 2188 2106 2222; x_wconf 85' lang='lat' dir='ltr'><strong>sum.</strong></span> 
     </span>
     <span class='ocr_line' id='line_1_20' title="bbox 455 2265 2108 2347; baseline 0.011 -33"><span class='ocrx_word' id='word_1_115' title='bbox 455 2265 568 2317; x_wconf 89' lang='lat' dir='ltr'><strong>Hic</strong></span> <span class='ocrx_word' id='word_1_116' title='bbox 608 2272 754 2321; x_wconf 88' lang='lat' dir='ltr'><strong>enim</strong></span> <span class='ocrx_word' id='word_1_117' title='bbox 777 2275 867 2324; x_wconf 87' lang='lat' dir='ltr'><strong>vir</strong></span> <span class='ocrx_word' id='word_1_118' title='bbox 903 2272 1251 2327; x_wconf 88' lang='lat' dir='ltr'><strong>doctissimus</strong></span> <span class='ocrx_word' id='word_1_119' title='bbox 1281 2285 1442 2327; x_wconf 88' lang='lat' dir='ltr'><strong>acuto</strong></span> <span class='ocrx_word' id='word_1_120' title='bbox 1473 2279 1698 2347; x_wconf 81' lang='lat' dir='ltr'><strong>ingenio</strong></span> <span class='ocrx_word' id='word_1_121' title='bbox 1738 2287 1793 2330; x_wconf 87' lang='lat' dir='ltr'><strong>et</strong></span> <span class='ocrx_word' id='word_1_122' title='bbox 1829 2279 2108 2332; x_wconf 87' lang='lat' dir='ltr'><strong>indefesso</strong></span> 
     </span>
     <span class='ocr_line' id='line_1_21' title="bbox 458 2375 2106 2456; baseline 0.01 -32"><span class='ocrx_word' id='word_1_123' title='bbox 458 2375 643 2427; x_wconf 84' lang='lat' dir='ltr'><strong>studio</strong></span> <span class='ocrx_word' id='word_1_124' title='bbox 689 2384 1036 2436; x_wconf 86' lang='lat' dir='ltr'><strong>methodicae</strong></span> <span class='ocrx_word' id='word_1_125' title='bbox 1084 2385 1460 2454; x_wconf 86' lang='lat' dir='ltr'><strong>dispositionis</strong></span> <span class='ocrx_word' id='word_1_126' title='bbox 1507 2390 1797 2455; x_wconf 87' lang='lat' dir='ltr'><strong>principiis</strong></span> <span class='ocrx_word' id='word_1_127' title='bbox 1835 2388 2106 2456; x_wconf 86' lang='lat' dir='ltr'><strong>incubuit,</strong></span> 
     </span>
     <span class='ocr_line' id='line_1_22' title="bbox 459 2496 2112 2565; baseline 0.01 -30"><span class='ocrx_word' id='word_1_128' title='bbox 459 2502 627 2553; x_wconf 85' lang='lat' dir='ltr'><strong>eaque</strong></span> <span class='ocrx_word' id='word_1_129' title='bbox 683 2496 1001 2546; x_wconf 88' lang='lat' dir='ltr'><strong>continuata</strong></span> <span class='ocrx_word' id='word_1_130' title='bbox 1056 2515 1188 2547; x_wconf 88' lang='lat' dir='ltr'><strong>cura</strong></span> <span class='ocrx_word' id='word_1_131' title='bbox 1238 2499 1315 2548; x_wconf 89' lang='lat' dir='ltr'><strong>ita</strong></span> <span class='ocrx_word' id='word_1_132' title='bbox 1365 2500 1520 2549; x_wconf 80' lang='lat' dir='ltr'><strong>auxit</strong></span> <span class='ocrx_word' id='word_1_133' title='bbox 1557 2509 1612 2550; x_wconf 87' lang='lat' dir='ltr'><strong>et</strong></span> <span class='ocrx_word' id='word_1_134' title='bbox 1658 2500 1995 2565; x_wconf 85' lang='lat' dir='ltr'><strong>illustravit,</strong></span> <span class='ocrx_word' id='word_1_135' title='bbox 2047 2509 2112 2551; x_wconf 84' lang='lat' dir='ltr'><strong>ut</strong></span> 
     </span>
    </p>
   </div>
   <div class='ocr_carea' id='block_1_6' title="bbox 461 2602 2109 2678">
    <p class='ocr_par' dir='ltr' id='par_1_6' title="bbox 461 2602 2109 2678">
     <span class='ocr_line' id='line_1_23' title="bbox 461 2602 2109 2678; baseline 0.01 -32"><span class='ocrx_word' id='word_1_136' title='bbox 461 2614 621 2662; x_wconf 87' lang='lat' dir='ltr'><strong>quam</strong></span> <span class='ocrx_word' id='word_1_137' title='bbox 670 2602 787 2668; x_wconf 88' lang='lat' dir='ltr'><strong>ipse</strong></span> <span class='ocrx_word' id='word_1_138' title='bbox 835 2606 997 2656; x_wconf 90' lang='lat' dir='ltr'><strong>initio</strong></span> <span class='ocrx_word' id='word_1_139' title='bbox 1045 2609 1402 2678; x_wconf 85' lang='lat' dir='ltr'><strong>evulgaverat</strong></span> <span class='ocrx_word' id='word_1_140' title='bbox 1440 2610 1517 2674; x_wconf 81' lang='lat'><strong>*),</strong></span> <span class='ocrx_word' id='word_1_141' title='bbox 1580 2609 1896 2676; x_wconf 89' lang='lat' dir='ltr'><strong>dispositio,</strong></span> <span class='ocrx_word' id='word_1_142' title='bbox 1949 2612 2109 2662; x_wconf 85' lang='lat' dir='ltr'><strong>novis</strong></span> 
     </span>
    </p>
   </div>
   <div class='ocr_carea' id='block_1_7' title="bbox 460 2720 916 2745">
    <p class='ocr_par' dir='ltr' id='par_1_7' title="bbox 460 2720 916 2745">
     <span class='ocr_line' id='line_1_24' title="bbox 460 2720 916 2745; baseline 0.013 -11"><span class='ocrx_word' id='word_1_143' title='bbox 460 2720 916 2745; x_wconf 34' lang='grc' dir='ltr'><strong>ᾖ</strong></span> 
     </span>
    </p>
   </div>
   <div class='ocr_carea' id='block_1_8' title="bbox 628 2810 2107 2944">
    <p class='ocr_par' dir='ltr' id='par_1_8' title="bbox 628 2810 2107 2944">
     <span class='ocr_line' id='line_1_25' title="bbox 632 2810 2107 2870; baseline 0.007 -19"><span class='ocrx_word' id='word_1_144' title='bbox 632 2822 657 2852; x_wconf 92' lang='lat' dir='ltr'><strong>o</strong></span> <span class='ocrx_word' id='word_1_145' title='bbox 673 2824 698 2851; x_wconf 90' lang='lat' dir='ltr'><strong>r</strong></span> <span class='ocrx_word' id='word_1_146' title='bbox 712 2825 742 2870; x_wconf 79' lang='lat' dir='ltr'><strong>g·</strong></span> <span class='ocrx_word' id='word_1_147' title='bbox 758 2826 781 2851; x_wconf 87' lang='lat' dir='ltr'><strong>a</strong></span> <span class='ocrx_word' id='word_1_148' title='bbox 797 2810 859 2853; x_wconf 86' lang='lat' dir='ltr'><strong>ni</strong></span> <span class='ocrx_word' id='word_1_149' title='bbox 875 2828 892 2853; x_wconf 89' lang='lat' dir='ltr'><strong>s</strong></span> <span class='ocrx_word' id='word_1_150' title='bbox 907 2827 931 2854; x_wconf 91' lang='lat' dir='ltr'><strong>a</strong></span> <span class='ocrx_word' id='word_1_151' title='bbox 943 2817 1031 2855; x_wconf 85' lang='lat' dir='ltr'><strong>tio</strong></span> <span class='ocrx_word' id='word_1_152' title='bbox 1047 2828 1092 2854; x_wconf 89' lang='lat' dir='ltr'><strong>n.</strong></span> <span class='ocrx_word' id='word_1_153' title='bbox 1152 2813 1239 2857; x_wconf 87' lang='lat' dir='ltr'><strong>Par</strong></span> <span class='ocrx_word' id='word_1_154' title='bbox 1266 2816 1336 2861; x_wconf 68' lang='lat' dir='ltr'><strong>M.</strong></span> <span class='ocrx_word' id='word_1_155' title='bbox 1368 2816 1414 2858; x_wconf 85' lang='lat' dir='ltr'><strong>le</strong></span> <span class='ocrx_word' id='word_1_156' title='bbox 1448 2816 1593 2860; x_wconf 85' lang='lat' dir='ltr'><strong>Chev.</strong></span> <span class='ocrx_word' id='word_1_157' title='bbox 1627 2816 1806 2859; x_wconf 80' lang='lat' dir='ltr'><strong>Cuvier.</strong></span> <span class='ocrx_word' id='word_1_158' title='bbox 1837 2817 1910 2860; x_wconf 83' lang='lat' dir='ltr'><strong>IV</strong></span> <span class='ocrx_word' id='word_1_159' title='bbox 1920 2814 2107 2862; x_wconf 76' lang='lat' dir='ltr'><strong>Tomes.</strong></span> 
     </span>
     <span class='ocr_line' id='line_1_26' title="bbox 628 2879 2106 2944; baseline 0.008 -26"><span class='ocrx_word' id='word_1_160' title='bbox 628 2879 653 2918; x_wconf 71' lang='lat' dir='ltr'><strong>a</strong></span> <span class='ocrx_word' id='word_1_161' title='bbox 670 2879 812 2921; x_wconf 82' lang='lat' dir='ltr'><strong>Paris.</strong></span> <span class='ocrx_word' id='word_1_162' title='bbox 835 2884 956 2929; x_wconf 69' lang='lat'>1817.</span> <span class='ocrx_word' id='word_1_163' title='bbox 977 2884 1016 2928; x_wconf 86' lang='lat'><strong>8.</strong></span> <span class='ocrx_word' id='word_1_164' title='bbox 1033 2908 1086 2915; x_wconf 89' lang='lat'>—</span> <span class='ocrx_word' id='word_1_165' title='bbox 1119 2883 1294 2926; x_wconf 86' lang='lat' dir='ltr'><strong>Tomus</strong></span> <span class='ocrx_word' id='word_1_166' title='bbox 1312 2886 1542 2927; x_wconf 83' lang='lat' dir='ltr'><strong>secundus</strong></span> <span class='ocrx_word' id='word_1_167' title='bbox 1563 2887 1911 2944; x_wconf 81' lang='lat' dir='ltr'><strong>complectitur</strong></span> <span class='ocrx_word' id='word_1_168' title='bbox 1928 2887 2106 2930; x_wconf 80' lang='lat' dir='ltr'><strong>anima·-</strong></span> 
     </span>
    </p>
   </div>
   <div class='ocr_carea' id='block_1_9' title="bbox 628 2945 2109 3077">
    <p class='ocr_par' dir='ltr' id='par_1_9' title="bbox 628 2945 2109 3077">
     <span class='ocr_line' id='line_1_27' title="bbox 629 2945 2109 3013; baseline 0.01 -28"><span class='ocrx_word' id='word_1_169' title='bbox 629 2945 696 2987; x_wconf 85' lang='lat' dir='ltr'><strong>lia</strong></span> <span class='ocrx_word' id='word_1_170' title='bbox 736 2948 997 3001; x_wconf 64' lang='lat' dir='ltr'><strong>monuwa,</strong></span> <span class='ocrx_word' id='word_1_171' title='bbox 1046 2960 1242 3006; x_wconf 80' lang='lat' dir='ltr'><strong>quartus</strong></span> <span class='ocrx_word' id='word_1_172' title='bbox 1284 2954 1460 3013; x_wconf 80' lang='lat' dir='ltr'><strong>figuras</strong></span> <span class='ocrx_word' id='word_1_173' title='bbox 1510 2963 1556 2996; x_wconf 87' lang='lat' dir='ltr'><strong>et</strong></span> <span class='ocrx_word' id='word_1_174' title='bbox 1601 2955 1763 3010; x_wconf 86' lang='lat' dir='ltr'><strong>aliqua</strong></span> <span class='ocrx_word' id='word_1_175' title='bbox 1806 2957 2018 2999; x_wconf 78' lang='lat' dir='ltr'><strong>addenda</strong></span> <span class='ocrx_word' id='word_1_176' title='bbox 2061 2964 2109 3000; x_wconf 77' lang='lat' dir='ltr'><strong>et</strong></span> 
     </span>
     <span class='ocr_line' id='line_1_28' title="bbox 628 3017 1586 3077; baseline 0.014 -23"><span class='ocrx_word' id='word_1_177' title='bbox 628 3017 923 3060; x_wconf 76' lang='lat' dir='ltr'><strong>emendanda</strong></span> <span class='ocrx_word' id='word_1_178' title='bbox 951 3018 1048 3061; x_wconf 85' lang='lat' dir='ltr'><strong>huc</strong></span> <span class='ocrx_word' id='word_1_179' title='bbox 1078 3022 1341 3077; x_wconf 81' lang='lat' dir='ltr'><strong>spectantia</strong></span> <span class='ocrx_word' id='word_1_180' title='bbox 1367 3023 1586 3068; x_wconf 76' lang='lat' dir='ltr'><strong>exhibet.</strong></span> 
     </span>
    </p>
   </div>
   <div class='ocr_carea' id='block_1_10' title="bbox 547 3119 2108 3255">
    <p class='ocr_par' dir='ltr' id='par_1_10' title="bbox 547 3119 2108 3255">
     <span class='ocr_line' id='line_1_29' title="bbox 547 3119 2106 3188; baseline 0.007 -24"><span class='ocrx_word' id='word_1_181' title='bbox 547 3119 594 3170; x_wconf 80' lang='grc'><strong>*)</strong></span> <span class='ocrx_word' id='word_1_182' title='bbox 624 3122 948 3169; x_wconf 80' lang='lat' dir='ltr'><strong>Tableaux</strong></span> <span class='ocrx_word' id='word_1_183' title='bbox 978 3131 1472 3188; x_wconf 77' lang='lat' dir='ltr'><strong>systematiques</strong></span> <span class='ocrx_word' id='word_1_184' title='bbox 1503 3134 1602 3176; x_wconf 80' lang='lat' dir='ltr'><strong>des</strong></span> <span class='ocrx_word' id='word_1_185' title='bbox 1633 3132 1931 3176; x_wconf 77' lang='lat' dir='ltr'><strong>Animaux</strong></span> <span class='ocrx_word' id='word_1_186' title='bbox 1961 3122 2106 3177; x_wconf 85' lang='lat' dir='ltr'><strong>mol-</strong></span> 
     </span>
     <span class='ocr_line' id='line_1_30' title="bbox 630 3191 2108 3255; baseline 0.007 -22"><span class='ocrx_word' id='word_1_187' title='bbox 630 3191 891 3248; x_wconf 71' lang='lat' dir='ltr'><strong>lusques</strong></span> <span class='ocrx_word' id='word_1_188' title='bbox 945 3197 1177 3241; x_wconf 71' lang='lat' dir='ltr'><strong>classes</strong></span> <span class='ocrx_word' id='word_1_189' title='bbox 1221 3214 1291 3242; x_wconf 88' lang='lat' dir='ltr'><strong>en</strong></span> <span class='ocrx_word' id='word_1_190' title='bbox 1337 3202 1644 3246; x_wconf 64' lang='lat' dir='ltr'><strong>rumines</strong></span> <span class='ocrx_word' id='word_1_191' title='bbox 1688 3200 2108 3255; x_wconf 69' lang='lat' dir='ltr'><strong>nami-elles,</strong></span> 
     </span>
    </p>
   </div>
  </div>
 </body>
</html>
