2138 3812
1547 163 1653 205 vn

9 317 232 366 minime
271 320 533 381 sequutus
572 328 724 375 sum,
774 318 955 361 tamen
996 307 1200 359 indicia
1237 313 1293 358 et
1327 305 1656 357 admonitio-

9 445 102 478 nes
160 442 268 475 non
321 439 556 490 panem,
623 421 956 471 anatomicas
1011 420 1303 485 praecipue
1360 417 1657 468 relationes

7 540 369 606 attingenteS,
429 541 485 584 et
528 535 585 583 in
634 532 830 583 critica
870 531 1043 597 ipsius
1081 537 1492 580 antecessorum
1529 544 1656 578 cen-

6 665 134 700 sura
188 654 243 698 et
289 647 347 695 in
392 645 705 712 systematis
751 649 1052 709 conspectu
1102 639 1478 705 suppeditavit
1526 656 1656 689 con-

4 757 360 824 templatione
416 754 801 824 dignissimas3
873 759 928 802 et
992 751 1058 802 de
1116 749 1515 800 molluscorum
1559 748 1655 798 do-

3 872 181 922 ctrina
219 886 319 937 per
349 883 536 918 omnes
568 867 685 915 eius
714 871 927 931 partes,
966 861 1220 926 indubie,
1257 861 1396 912 bene
1430 861 1658 909 meritus

6 989 89 1032 est
127 990 342 1032 auctor.

176 1092 238 1142 In
280 1085 912 1156 Cephalopodorum
959 1084 1147 1135 classis
1196 1063 1561 1146 dispositione
1605 1087 1661 1128 et

5 1202 305 1253 eorundem
360 1215 626 1270 generum
672 1196 1088 1246 enumeratione
1135 1195 1315 1260 ipsum
1363 1191 1660 1242 clarissimi

5 1314 379 1382 d’Orbigny
424 1309 781 1360 novissimum
838 1313 1135 1354 tractatum
1164 1305 1250 1367 ²⁸),
1323 1317 1483 1366 quem
1534 1309 1659 1350 ante

7 1443 119 1477 non
159 1426 265 1474 nisi
316 1440 382 1472 ex
418 1419 716 1470 summario
763 1416 828 1465 ab
868 1415 946 1464 ill.
987 1415 1251 1463 Ferussac
1290 1410 1538 1461 exhibito
1573 1411 1658 1473 **)

4 1550 406 1607 cognoveram,
463 1537 589 1580 ante
636 1526 826 1577 oculos
877 1525 1045 1575 habui
1096 1532 1152 1574 et
1208 1521 1403 1573 ducem
1458 1537 1656 1587 sequu-

5 1657 90 1700 tus
129 1664 266 1697 sum,

175 1750 706 1820 Pteropodorum
747 1747 940 1811 classi,
1002 1746 1090 1795 cui
1130 1761 1195 1794 ex
1237 1743 1508 1810 peculiari
1545 1751 1664 1793 stu«

5 1869 97 1919 dio
153 1864 448 1918 clarissimi
493 1865 689 1931 Rang
733 1860 943 1909 maiora
980 1858 1319 1907 incrementa
1356 1855 1660 1913 imminent,

5 1983 163 2049 plura
200 1978 386 2029 addita
425 1983 552 2026 sunt
590 1986 828 2043 genera,
884 1985 1020 2036 quae
1069 1985 1135 2017 ex
1182 1967 1517 2016 auctoritate
1567 1965 1656 2014 cll.

9 2093 238 2161 Rang,
277 2091 478 2157 Quoy
522 2093 577 2136 et
615 2079 961 2136 Gaimard
1008 2085 1063 2128 et
1106 2075 1520 2127 Eschholtz
1576 2076 1659 2122 in-

9 2211 260 2254 notuere.

91 2431 927 2489 *)Tableau111ethodiq1ie
971 2428 1143 2471 dela
1172 2425 1376 2469 classe
1421 2424 1522 2466 des
1555 2425 1661 2468 Ge-

173 2504 599 2565 phalopodes;
643 2516 733 2559 par
770 2499 840 2545 M.
872 2501 918 2540 A.
949 2496 1210 2539 Dessalz'nes
1238 2494 1499 2549 d'Orbigny.
1553 2495 1662 2534 Avee

172 2592 238 2618 un
266 2574 455 2618 tableau
486 2581 532 2615 et
562 2588 628 2614 un
658 2570 788 2613 Atlas
820 2570 877 2611 de
918 2571 943 2609 8
971 2565 1203 2624 planches
1242 2562 1448 2622 lithogr.
1480 2562 1532 2602 in
1562 2568 1652 2604 Mo.

174 2649 198 2688 a
226 2645 369 2687 Paris.
404 2640 526 2687 1826.
558 2642 609 2682 in
638 2644 741 2682 ssvo.
803 2639 908 2680 Hoc
940 2650 1056 2693 opus
1087 2648 1185 2677 non
1215 2633 1308 2674 nisi
1340 2647 1447 2674 cum
1478 2633 1660 2672 forma-

174 2729 282 2757 rum
309 2712 625 2769 sculptarum,
658 2706 992 2768 magnitudine
1010 2714 1272 2753 auctarum,
1293 2699 1661 2758 Cephalopodo-

174 2799 284 2827 rum
327 2781 649 2824 minutiorum
694 2775 942 2827 (Modeles
986 2775 1043 2816 de
1077 2770 1440 2829 cephalopodes
1481 2767 1657 2809 micro-

176 2848 445 2909 scopiques)
479 2858 684 2905 quatuor
713 2844 957 2889 fasciculis
980 2843 1227 2886 venditur.
1269 2840 1439 2881 Exstat
1470 2848 1660 2892 quoque

178 2923 256 2963 in:
308 2918 513 2962 Annales
545 2920 622 2960 des
667 2916 877 2959 sciences
928 2910 1221 2960 natur-elles,
1264 2921 1355 2963 par
1381 2905 1436 2947 M
1463 2905 1534 2949 Μ.
1564 2905 1660 2946 Au-

178 2989 360 3037 douin,
408 2988 494 3031 Ad.
538 2985 834 3045 Brongniart
875 2990 922 3025 et
962 2984 1151 3025 Dumas.
1224 2977 1372 3019 Tome
1415 2973 1660 3031 septieme.

177 3059 320 3102 Pari&
368 3058 488 3103 1826.
528 3060 568 3098 8.

73 3167 151 3219 Η)
183 3167 402 3212 Bulletin
447 3167 526 3209 des
568 3164 778 3207 sciences
822 3157 1102 3203 natm-elles„
1162 3156 1310 3200 Teme
1342 3151 1424 3197 IX.
1461 3166 1532 3194 nr.
1563 3159 1662 3192 211.

182 3252 228 3294 p.
260 3240 469 3283 ειη-247
500 3241 547 3277 et
578 3247 653 3278 nr.
684 3235 779 3277 310.
812 3245 860 3286 p·
888 3226 1113 3275 364-366.
