2138 3812
1596 148 1642 188 V

11 296 520 359 observationibus,
578 298 635 344 in
690 294 962 346 ditissimo
1022 298 1306 348 literarum
1366 299 1647 366 thesauro,

8 423 168 471 quem
203 406 320 470 ipse
358 406 601 455 instituit
616 405 696 470 *),
744 408 1069 472 propositis,
1107 410 1294 458 multis
1333 427 1477 460 nunc
1512 412 1648 461 locis

10 514 296 565 emendata
333 522 388 564 et
413 522 569 564 aucta
602 515 1001 580 proficiscatur.
1076 516 1248 566 Hisce
1286 534 1420 569 vero
1465 537 1646 572 emen-

10 623 321 674 dationibus
361 632 416 674 et
451 626 756 693 augmentis
797 627 1046 675 omnibus
1075 627 1131 674 in
1160 625 1478 680 adornanda
1508 647 1651 683 nova

7 733 109 784 hac
146 750 446 800 synopseos
503 734 746 785 editione
798 751 907 784 non
968 736 1084 784 sine
1135 735 1414 787 uberrimo
1469 743 1653 792 fructu

9 861 142 894 USUS
185 863 319 894 sum.

144 953 508 1020 Systematica
545 955 678 1005 haec
721 963 777 1004 et
813 956 1191 1005 recentiorum
1218 959 1460 1008 omnium
1494 977 1652 1026 prae-

7 1066 336 1114 stantiorum
372 1073 660 1115 auctorum
692 1065 1002 1131 dispositio,
1041 1083 1070 1115 a
1109 1066 1415 1117 clarissimo
1446 1070 1652 1122 Cuvier

7 1175 296 1239 inchoata,
344 1192 474 1241 prae
515 1176 798 1224 Linneana
845 1183 900 1224 et
939 1177 1166 1242 reliquis
1204 1179 1453 1242 pristinis
1491 1181 1549 1228 in
1587 1197 1651 1231 eo

8 1276 353 1349 potissimum
390 1285 710 1351 praecellit,
764 1284 906 1349 quod
943 1292 1115 1333 testae
1158 1293 1213 1333 et
1249 1288 1499 1337 animalis
1537 1306 1655 1342 eam

9 1394 370 1444 inhabitantis
410 1411 635 1460 aequam
671 1395 940 1442 rationem
974 1393 1188 1443 habeat.
1260 1394 1554 1447 Difficilior
1590 1418 1656 1451 ea

9 1504 229 1570 quidem
248 1511 332 1554 est
347 1504 651 1568 intellectu,
673 1521 831 1570 quam
849 1504 965 1554 sola
982 1512 1247 1554 testarum
1263 1507 1654 1576 consideratio,

179 1754 293 1797 dans
345 1754 556 1811 lesquels
589 1769 649 1797 on
698 1769 723 1795 a
752 1755 895 1797 etabli
928 1755 971 1796 la
1003 1757 1328 1799 concordance
1364 1758 1419 1801 de
1452 1767 1556 1802 tous
1588 1762 1657 1805 les

176 1823 412 1880 Systemes
455 1831 543 1866 etc.
589 1839 678 1880 par
715 1823 760 1864 le
806 1825 964 1866 Baron
1007 1826 1057 1866 de
1100 1825 1326 1867 Fe'russac.
1382 1830 1408 1868 'a
1440 1829 1567 1871 Paris
1610 1840 1657 1875 et

181 1894 413 1938 Londres.
432 1891 598 1946 (1822.)
629 1892 779 1934 limai-
798 1919 850 1924 -—
879 1893 1064 1935 Partem
1081 1894 1175 1936 hoc
1202 1909 1334 1951 opuS,
1367 1899 1493 1951 quod
1511 1900 1653 1943 etiam
1699 1912 1707 1930 1

177 1963 437 2018 separatim
479 1963 736 2013 venditur,
783 1963 1033 2004 constituit
1078 1963 1237 2018 operis
1277 1964 1656 2020 splendidissimi

179 2038 226 2073 et
243 2031 545 2073 nitidissimis
562 2032 734 2088 figuris
754 2031 935 2073 ornati:
969 2033 1010 2072 H
1028 2032 1041 2071 i
1061 2047 1077 2070 s
1096 2039 1114 2071 t
1131 2046 1155 2073 o
1176 2032 1235 2072 ir
1251 2046 1274 2073 e
1306 2048 1336 2073 n
1355 2049 1378 2075 a
1391 2043 1410 2076 t
1427 2051 1453 2076 u
1470 2051 1494 2077 r
1509 2051 1531 2078 e
1546 2036 1599 2078 ll
1613 2052 1653 2090 e,

180 2099 482 2160 generale
518 2108 578 2142 et
607 2099 1079 2156 particuliere,
1113 2100 1216 2141 des
1247 2101 1708 2160 Mollusquesr

177 2176 549 2212 terrestres
595 2176 652 2210 et
697 2169 1123 2221 fluviatiles5
1164 2185 1252 2225 par
1296 2170 1363 2210 M.
1408 2171 1454 2214 le
1499 2176 1656 2218 Baron

178 2240 230 2280 de
258 2237 485 2282 Fe'russac.
514 2239 621 2280 XXI
654 2238 928 2280 Livraisons
961 2236 1045 2287 (de
1076 2237 1103 2281 6
1131 2236 1362 2294 planches
1393 2248 1440 2283 et
1472 2251 1589 2285 12-
1609 2243 1660 2290 16

175 2320 320 2368 pag-es
353 2308 408 2350 de
439 2305 612 2355 texte).
644 2309 669 2350 ἐι
698 2308 843 2352 Paris.
879 2310 1159 2363 1819—1824.
1190 2307 1281 2353 fol⁴

96 2441 148 2495 ῆι)
179 2442 489 2488 Bulletin
523 2446 794 2505 general
826 2454 885 2488 et
912 2446 1178 2488 univers
1199 2444 1260 2487 el
1291 2447 1388 2489 des
1421 2463 1658 2491 annon-

180 2528 282 2557 ces
327 2521 386 2556 et
428 2515 530 2556 des
571 2516 919 2558 nouvelles
965 2515 1462 2571 scientifiques,
1493 2519 1658 2575 publie

180 2598 288 2626 sous
319 2583 366 2625 la
397 2584 640 2627 direction
670 2585 725 2627 de
759 2585 825 2626 M.
859 2585 904 2627 10
934 2586 1089 2627 Baron
1119 2586 1169 2625 de
1200 2584 1428 2631 Fe‘russac.
1460 2589 1482 2628 ὲ
1516 2589 1658 2630 Paris.

181 2656 304 2698 1825,
341 2653 393 2693 in
421 2655 527 2703 8vo,
556 2653 649 2695 XII
679 2654 929 2705 fasciculi3
960 2653 1072 2696 inde
1102 2662 1258 2696 autem
1291 2655 1343 2696 ab
1377 2670 1498 2698 anno
1534 2660 1656 2707 1824,

180 2719 232 2763 in
261 2721 391 2763 hunc
435 2736 584 2777 usque
617 2722 742 2764 diem
759 2750 773 2772 ‚
819 2725 900 2766 sub
945 2724 1117 2765 iisdem
1148 2723 1372 2778 auspiciis
1402 2725 1659 2780 separatim

179 2791 390 2848 prodiit:
438 2791 736 2832 Bulletin
779 2793 882 2834 des
927 2792 1214 2834 sciences
1245 2793 1658 2839 natm-elles.

181 2862 207 2901 ὲ
236 2859 362 2901 Paris
376 2886 391 2909 ,
428 2859 713 2919 Strasbourg
744 2868 790 2902 et
821 2861 1033 2902 Londres
1048 2891 1060 2908 ‚
1110 2861 1243 2902 cuius
1286 2862 1536 2915 quotannis
1567 2863 1660 2905 XII

178 2929 637 2979 eduntur-fasciculi,
667 2930 829 2971 eadem
856 2933 1010 2972 forma
1032 2934 1130 2973 ssva.
1193 2931 1316 2986 Opus
1334 2943 1440 2971 sane
1459 2931 1658 2972 utilissi-

181 3011 313 3036 mum
346 3004 392 3037 et
424 3011 516 3051 quo
549 2998 840 3039 naturalium
872 3013 1034 3040 rerum
1053 2999 1284 3039 studiosus
1314 2998 1478 3040 nullus
1496 3014 1658 3041 carere

179 3071 353 3121 potest,
384 3064 436 3105 in
468 3079 560 3119 quo
593 3066 734 3106 etiam
763 3066 1108 3108 molluscorum
1135 3067 1382 3108 scientiam
1401 3068 1662 3123 spectantia

185 3133 428 3188 quaelibet
448 3164 462 3182 ,
496 3134 968 3190 quamplurimorum
999 3137 1324 3178 recentiorum
1355 3137 1665 3193 scriptorum,

184 3215 303 3257 quae
335 3202 508 3257 ubique
542 3202 668 3245 edita
697 3212 803 3244 sunt
822 3232 834 3253 ‚
868 3213 1176 3247 recensentur
1206 3213 1254 3247 et
1289 3205 1569 3248 lustrantur.
