2138 3812
468 139 541 183 Vl

466 298 749 367 poscitque
788 294 1196 364 physiologicas
1236 292 1649 346 observationes
1689 303 1746 346 et
1783 292 2116 346 anatomicas

465 409 890 477 explorationeS,
912 405 1008 456 sed
1025 404 1388 459 validioribus
1408 424 1622 475 quoque
1640 407 1813 459 multo
1831 421 1992 473 quam
2011 405 2118 452 ista

469 522 752 588 antiquior
787 518 986 568 nititur
1022 517 1418 584 fundamentis,
1471 527 1526 569 et
1562 525 1816 586 respectu
1852 495 2115 567 scientiae

464 633 582 681 sine
620 630 787 680 dubio
826 627 1027 678 indolis
1057 636 1140 679 est
1176 630 1420 692 altioris3
1472 646 1643 700 nugas
1682 630 1829 681 enim
1866 634 1923 677 et
1957 626 2114 690 inep-

463 741 586 806 tias,
626 757 763 807 quae
801 741 1048 791 tironum
1087 749 1144 792 et
1169 749 1475 791 amatorum
1505 742 1702 811 vulgus
1728 740 1834 789 hoc
1871 735 2115 787 studium

465 867 648 901 amans
688 868 847 918 saepe
886 859 1117 916 vexant,
1158 852 1237 900 nil
1275 868 1500 917 curans,
1547 854 1605 901 in
1642 852 1790 901 solos
1829 848 2112 900 characte-

461 981 552 1015 res
589 965 866 1014 naturales
924 979 990 1012 ex
1044 963 1362 1013 animalium
1397 971 1631 1025 natura,
1691 963 1906 1031 figura,
1959 973 2112 1020 sexu,

463 1083 776 1138 structura,
834 1074 1075 1140 partium
1114 1075 1258 1138 sita,
1315 1083 1580 1125 testarum
1618 1076 1829 1134 forma,
1887 1066 2115 1121 cardine

463 1185 697 1251 aliisque
753 1180 901 1236 notis
956 1186 1422 1237 characteristicis
1488 1184 1805 1251 depromtos
1858 1178 2114 1248 inquirit,

459 1294 764 1348 divisiones
789 1295 878 1346 vel
899 1296 1317 1347 coniunctiones
1356 1295 1544 1359 docet,
1585 1302 1641 1345 et
1671 1294 1938 1344 transitus
1967 1289 2116 1340 sistit

459 1413 757 1473 perpetuos
801 1405 859 1454 in
896 1421 1091 1475 magna
1136 1406 1495 1456 animantium
1533 1405 1713 1470 scala,
1768 1404 1826 1453 in
1872 1418 1979 1470 qua
2026 1399 2111 1450 di-

457 1534 620 1570 versa
654 1516 924 1567 mollusca
959 1524 1015 1567 et
1051 1517 1201 1567 inter
1237 1503 1314 1583 sei,
1353 1518 1524 1568 variis
1563 1525 1619 1567 et
1651 1513 1959 1566 innumeris
1996 1512 2110 1562 affi-

456 1628 753 1692 nitatibus,
811 1627 1142 1692 cohaerent,
1205 1637 1260 1679 et
1313 1637 1504 1696 aperto
1549 1629 1770 1679 tramite
1817 1643 1942 1677 cum
1986 1624 2110 1675 aliis

458 1755 674 1808 quoque
712 1739 1073 1790 animantium
1110 1739 1374 1790 classibus
1412 1741 1564 1790 coire
1603 1739 1884 1791 videntur.

630 1849 741 1902 Sed
775 1851 1015 1901 aliorum
1054 1852 1218 1902 etiam
1256 1859 1571 1918 auctorum,
1610 1858 1834 1917 praeter
1870 1850 2106 1900 illustris

456 1962 524 2014 de
559 1963 821 2013 Ferussac
858 1963 1082 2028 scripta,
1121 1962 1191 2013 ad
1227 1964 1452 2026 rectius,
1490 1964 1547 2012 in
1587 1963 1688 2013 hac
1726 1979 1869 2013 nova
1903 1977 2106 2029 synop-

456 2089 579 2125 seos
617 2073 881 2138 editione,
919 2072 1258 2140 disponenda
1289 2060 1577 2137 mollusca,
1616 2074 1844 2124 abhibui
1881 2081 1937 2124 et
1973 2090 2105 2124 con-

457 2184 625 2236 sului.
704 2184 768 2234 In
813 2184 1005 2250 primis
1049 2201 1184 2236 vero
1228 2185 1522 2235 clarissimi
1559 2183 1639 2235 de
1678 2184 2103 2236 Blainville

456 2293 825 2359 enchiridion,
863 2304 928 2346 ut
963 2304 1141 2362 vocat,
1179 2297 1634 2366 malacologicum
1671 2296 1724 2363 *)
1760 2297 1932 2347 multa
1967 2296 2105 2346 mihi

454 2407 734 2472 praestitit
772 2413 966 2457 notatu
1003 2407 1168 2477 digna
1203 2425 1379 2475 neque
1418 2425 1449 2458 a
1478 2425 1563 2459 me
1593 2409 1871 2478 neglecta3
1911 2424 2099 2474 quam-

457 2533 618 2583 quam
680 2517 825 2566 enim
889 2517 1267 2584 dispositionis
1329 2520 1475 2571 viam
1540 2520 1606 2569 ab
1663 2518 1856 2569 eodem
1908 2520 2102 2570 initam

510 2721 558 2772 *)
587 2723 850 2773 Manuel
881 2726 947 2767 de
979 2726 1418 2789 Malacologie
1450 2736 1498 2770 et
1528 2729 1595 2770 de
1625 2728 2098 2786 Conchyliolo-

621 2794 742 2853 gie.
803 2795 890 2836 Par
929 2794 986 2835 H.
1026 2795 1092 2836 M.
1124 2797 1260 2838 Ducr.
1305 2798 1357 2838 de
1386 2797 1641 2843 Blaz'nville.
1700 2799 1827 2840 Paris
1873 2807 1920 2841 et
1948 2798 2097 2841 stras-

619 2863 791 2923 bourg,
815 2865 943 2927 ᾦδὲὅ.
974 2867 999 2911 8
1030 2866 1166 2916 mai„
1205 2880 1310 2908 cum
1343 2868 1609 2922 figurarum
1642 2868 1948 2928 egregiarum
1980 2870 2098 2910 duo-

618 2931 700 2973 bus
731 2933 988 2985 fasciculis,
1024 2949 1229 2989 quorum
1260 2936 1446 2990 primus
1478 2937 1850 2993 comprehendit
1868 2939 2006 2988 XXX,
2027 2938 2096 2978 al-

618 3007 695 3043 ter
722 3003 892 3044 XXXV
919 3004 1102 3046 tabulas
1147 3019 1339 3053 aeneas„
1387 3005 1555 3048 ordine
1585 3014 1745 3048 tamen
1790 3007 2058 3064 incongruo
2079 3000 2105 3057 5‘

617 3070 915 3114 desideratur-
949 3072 1102 3115 adhuc
1143 3073 1314 3114 tertius
1343 3074 1619 3125 fasciculus,
1651 3074 1858 3118 XXXIX
1896 3061 2092 3129 tabulas,

618 3139 669 3178 in
700 3153 845 3195 opere
879 3141 1070 3185 iamiam
1102 3142 1284 3193 citatas,
1313 3142 1393 3193 sed
1422 3145 1634 3195 nondum
1666 3144 1840 3198 editas,
1873 3158 2093 3203 compre-

618 3206 869 3253 hensurus.
